@Book{xie2015,
  title = {Dynamic Documents with {R} and knitr},
  author = {Yihui Xie},
  publisher = {Chapman and Hall/CRC},
  address = {Boca Raton, Florida},
  year = {2015},
  edition = {2nd},
  note = {ISBN 978-1498716963},
  url = {http://yihui.org/knitr/},
}

@misc{alnes2018,
	title = {falsifikasjon {\textendash} vitenskapsteori},
	author = {Alnes, Jan Harald},
	year = {2018},
	month = {02},
	date = {2018-02-20},
	url = {http://snl.no/falsifikasjon_-_vitenskapsteori},
	langid = {nb}
}

@misc{dellsén2021,
	title = {5. Abduksjon og sannsynlighet: IDR4000: Kvantitativ metode og statistikk},
	author = {{Dellsén}, Finnur},
	year = {2021},
	date = {2021},
	url = {https://inn.instructure.com/courses/10324/files?preview=1136189}
}

@book{okasha2016,
	title = {Philosophy of science: A very short introduction},
	author = {Okasha, Samir},
	year = {2016},
	date = {2016},
	publisher = {Oxford University Press},
	edition = {2.}
}

@inbook{popper1969,
	title = {Conjectures and refutations: The growth of scientific knowledge},
	author = {Popper, Karl},
	year = {1969},
	date = {1969},
	publisher = {Routledge},
	edition = {3.},
	address = {London}
}

@inbook{hempel1966,
	title = {Scientific Inquiry: Invention and Test. I C. G. Hempel, Philosophy of Natural Science},
	author = {Hempel, C.G},
	year = {1966},
	date = {1966},
	publisher = {Prentice Hall},
	address = {Princeton}
}

@article{bird2020,
	title = {Understanding the Replication Crisis as a Base Rate Fallacy},
	author = {Bird, Alexander},
	year = {2020},
	month = {12},
	date = {2020-12-17},
	journal = {The British Journal for the Philosophy of Science},
	pages = {000--000},
	doi = {10.1093/bjps/axy051},
	url = {https://www.journals.uchicago.edu/doi/10.1093/bjps/axy051},
	note = {Publisher: The University of Chicago Press}
}
